%YAML 1.1
%TAG !u! tag:unity3d.com,2011:
--- !u!1 &4548937206870368534
GameObject:
  m_ObjectHideFlags: 0
  m_CorrespondingSourceObject: {fileID: 0}
  m_PrefabInstance: {fileID: 0}
  m_PrefabAsset: {fileID: 0}
  serializedVersion: 6
  m_Component:
  - component: {fileID: 6584611256564362924}
  - component: {fileID: 2632993687289993240}
  - component: {fileID: 1723234834296365509}
  - component: {fileID: 1539981427222198823}
  - component: {fileID: 3182982997529045029}
  - component: {fileID: 5930801478690803202}
  - component: {fileID: -4388813408429984216}
  m_Layer: 0
  m_Name: Projectile
  m_TagString: Projectile
  m_Icon: {fileID: 0}
  m_NavMeshLayer: 0
  m_StaticEditorFlags: 0
  m_IsActive: 1
--- !u!4 &6584611256564362924
Transform:
  m_ObjectHideFlags: 0
  m_CorrespondingSourceObject: {fileID: 0}
  m_PrefabInstance: {fileID: 0}
  m_PrefabAsset: {fileID: 0}
  m_GameObject: {fileID: 4548937206870368534}
  serializedVersion: 2
  m_LocalRotation: {x: 0, y: 0, z: 0, w: 1}
  m_LocalPosition: {x: 0, y: 0, z: 0}
  m_LocalScale: {x: 0.1, y: 0.1, z: 1}
  m_ConstrainProportionsScale: 0
  m_Children: []
  m_Father: {fileID: 0}
  m_LocalEulerAnglesHint: {x: 0, y: 0, z: 0}
--- !u!212 &2632993687289993240
SpriteRenderer:
  m_ObjectHideFlags: 0
  m_CorrespondingSourceObject: {fileID: 0}
  m_PrefabInstance: {fileID: 0}
  m_PrefabAsset: {fileID: 0}
  m_GameObject: {fileID: 4548937206870368534}
  m_Enabled: 1
  m_CastShadows: 0
  m_ReceiveShadows: 0
  m_DynamicOccludee: 1
  m_StaticShadowCaster: 0
  m_MotionVectors: 1
  m_LightProbeUsage: 1
  m_ReflectionProbeUsage: 1
  m_RayTracingMode: 0
  m_RayTraceProcedural: 0
  m_RenderingLayerMask: 1
  m_RendererPriority: 0
  m_Materials:
  - {fileID: 10754, guid: 0000000000000000f000000000000000, type: 0}
  m_StaticBatchInfo:
    firstSubMesh: 0
    subMeshCount: 0
  m_StaticBatchRoot: {fileID: 0}
  m_ProbeAnchor: {fileID: 0}
  m_LightProbeVolumeOverride: {fileID: 0}
  m_ScaleInLightmap: 1
  m_ReceiveGI: 1
  m_PreserveUVs: 0
  m_IgnoreNormalsForChartDetection: 0
  m_ImportantGI: 0
  m_StitchLightmapSeams: 1
  m_SelectedEditorRenderState: 0
  m_MinimumChartSize: 4
  m_AutoUVMaxDistance: 0.5
  m_AutoUVMaxAngle: 89
  m_LightmapParameters: {fileID: 0}
  m_SortingLayerID: 0
  m_SortingLayer: 0
  m_SortingOrder: 0
  m_Sprite: {fileID: -9095717837082945937, guid: 207ee8102dd4143d288186ef0be518ee, type: 3}
  m_Color: {r: 1, g: 0, b: 0, a: 1}
  m_FlipX: 0
  m_FlipY: 0
  m_DrawMode: 0
  m_Size: {x: 1, y: 2}
  m_AdaptiveModeThreshold: 0.5
  m_SpriteTileMode: 0
  m_WasSpriteAssigned: 1
  m_MaskInteraction: 0
  m_SpriteSortPoint: 0
--- !u!50 &1723234834296365509
Rigidbody2D:
  serializedVersion: 4
  m_ObjectHideFlags: 0
  m_CorrespondingSourceObject: {fileID: 0}
  m_PrefabInstance: {fileID: 0}
  m_PrefabAsset: {fileID: 0}
  m_GameObject: {fileID: 4548937206870368534}
  m_BodyType: 0
  m_Simulated: 1
  m_UseFullKinematicContacts: 0
  m_UseAutoMass: 0
  m_Mass: 1
  m_LinearDrag: 0
  m_AngularDrag: 0.05
  m_GravityScale: 1
  m_Material: {fileID: 0}
  m_IncludeLayers:
    serializedVersion: 2
    m_Bits: 0
  m_ExcludeLayers:
    serializedVersion: 2
    m_Bits: 0
  m_Interpolate: 0
  m_SleepingMode: 1
  m_CollisionDetection: 0
  m_Constraints: 0
--- !u!114 &1539981427222198823
MonoBehaviour:
  m_ObjectHideFlags: 0
  m_CorrespondingSourceObject: {fileID: 0}
  m_PrefabInstance: {fileID: 0}
  m_PrefabAsset: {fileID: 0}
  m_GameObject: {fileID: 4548937206870368534}
  m_Enabled: 1
  m_EditorHideFlags: 0
  m_Script: {fileID: 11500000, guid: 334c2a3facb248ac8c1a599797c52dae, type: 3}
  m_Name: 
  m_EditorClassIdentifier: 
  forceNetworkId: 0
  networkId: 74
  predictableFor:
    playerIndex: -3
  isUpdatableForNonOwners: 0
  visibleFor:
    playerIndex: -3
  stateFrequencyStages:
  - stageDurationInMiliseconds: 500
    frequencyInMiliseconds: 30
    maxStageDurationInMiliseconds: 5000
  - stageDurationInMiliseconds: 1000
    frequencyInMiliseconds: 200
    maxStageDurationInMiliseconds: 5000
  - stageDurationInMiliseconds: 1000
    frequencyInMiliseconds: 1000
    maxStageDurationInMiliseconds: 5000
--- !u!114 &3182982997529045029
MonoBehaviour:
  m_ObjectHideFlags: 0
  m_CorrespondingSourceObject: {fileID: 0}
  m_PrefabInstance: {fileID: 0}
  m_PrefabAsset: {fileID: 0}
  m_GameObject: {fileID: 4548937206870368534}
  m_Enabled: 1
  m_EditorHideFlags: 0
  m_Script: {fileID: 11500000, guid: 5be5fd7c050c466680c100c158ffb852, type: 3}
  m_Name: 
  m_EditorClassIdentifier: 
  _Rigidbody: {fileID: 1723234834296365509}
  _Collider: {fileID: 5930801478690803202}
  _LifetimeInSeconds: 5
  _Damage: 10
--- !u!70 &5930801478690803202
CapsuleCollider2D:
  m_ObjectHideFlags: 0
  m_CorrespondingSourceObject: {fileID: 0}
  m_PrefabInstance: {fileID: 0}
  m_PrefabAsset: {fileID: 0}
  m_GameObject: {fileID: 4548937206870368534}
  m_Enabled: 1
  m_Density: 1
  m_Material: {fileID: 0}
  m_IncludeLayers:
    serializedVersion: 2
    m_Bits: 0
  m_ExcludeLayers:
    serializedVersion: 2
    m_Bits: 0
  m_LayerOverridePriority: 0
  m_ForceSendLayers:
    serializedVersion: 2
    m_Bits: 4294967295
  m_ForceReceiveLayers:
    serializedVersion: 2
    m_Bits: 4294967295
  m_ContactCaptureLayers:
    serializedVersion: 2
    m_Bits: 4294967295
  m_CallbackLayers:
    serializedVersion: 2
    m_Bits: 4294967295
  m_IsTrigger: 0
  m_UsedByEffector: 0
  m_UsedByComposite: 0
  m_Offset: {x: 0, y: 0}
  m_Size: {x: 1, y: 2}
  m_Direction: 0
--- !u!114 &-4388813408429984216
MonoBehaviour:
  m_ObjectHideFlags: 0
  m_CorrespondingSourceObject: {fileID: 0}
  m_PrefabInstance: {fileID: 0}
  m_PrefabAsset: {fileID: 0}
  m_GameObject: {fileID: 4548937206870368534}
  m_Enabled: 1
  m_EditorHideFlags: 0
  m_Script: {fileID: 11500000, guid: b709081092fa45a2b4aeaf1d001c9119, type: 3}
  m_Name: 
  m_EditorClassIdentifier: 
  positionConfig:
    synchronizationEnabled: 1
    tolerance: 0.01
  rotationConfig:
    synchronizationEnabled: 1
    tolerance: 1
  velocityConfig:
    synchronizationEnabled: 1
    tolerance: 0.01
  angularVelocityConfig:
    synchronizationEnabled: 1
    tolerance: 1
  dragConfig:
    synchronizationEnabled: 0
    tolerance: 0.01
  angularDragConfig:
    synchronizationEnabled: 0
    tolerance: 0.01
  inertiaConfig:
    synchronizationEnabled: 0
    tolerance: 0.01
  massConfig:
    synchronizationEnabled: 0
    tolerance: 0.01
  gravityScaleConfig:
    synchronizationEnabled: 0
    tolerance: 0.01
  isKinematicConfig:
    synchronizationEnabled: 0
    tolerance: 0
